@article{de1992characterization,
  title={Characterization and comparison of Sugeno and Choquet integrals},
  author={De Campos, Luis M and Jorge, M},
  journal={Fuzzy Sets and Systems},
  volume={52},
  number={1},
  pages={61--67},
  year={1992},
  publisher={Elsevier}
}
@article{tehrani2012preference,
  title={Preference learning using the choquet integral: The case of multipartite ranking},
  author={Tehrani, Ali Fallah and Cheng, Weiwei and Hullermeier, Eyke},
  journal={IEEE Transactions on Fuzzy Systems},
  volume={20},
  number={6},
  pages={1102--1113},
  year={2012},
  publisher={IEEE}
}
@article{torra2006interpretation,
  title={The interpretation of fuzzy integrals and their application to fuzzy systems},
  author={Torra, Vicen{\c{c}} and Narukawa, Yasuo},
  journal={International journal of approximate reasoning},
  volume={41},
  number={1},
  pages={43--58},
  year={2006},
  publisher={Elsevier}
}
@article{leszczynski1985sugeno,
  title={Sugeno's fuzzy measure and fuzzy clustering},
  author={Leszczy{\'n}ski, K and Penczek, P and Grochulski, W},
  journal={Fuzzy Sets and Systems},
  volume={15},
  number={2},
  pages={147--158},
  year={1985},
  publisher={Elsevier}
}
@article{grabisch1995fuzzy,
  title={Fuzzy integral in multicriteria decision making},
  author={Grabisch, Michel},
  journal={Fuzzy sets and Systems},
  volume={69},
  number={3},
  pages={279--298},
  year={1995},
  publisher={Elsevier}
}
@article{murofushi1994non,
  title={Non-monotonic fuzzy measures and the Choquet integral},
  author={Murofushi, Toshiaki and Sugeno, Michio and Machida, Motoya},
  journal={Fuzzy sets and Systems},
  volume={64},
  number={1},
  pages={73--86},
  year={1994},
  publisher={Elsevier}
}
@article{grabisch1996application,
  title={The application of fuzzy integrals in multicriteria decision making},
  author={Grabisch, Michel},
  journal={European journal of operational research},
  volume={89},
  number={3},
  pages={445--456},
  year={1996},
  publisher={Elsevier}
}