@inproceedings{ahmadabadi2000expertness,
  title={Expertness measuring in cooperative learning},
  author={Ahmadabadi, Majid Nili and Asadpur, Masoud and Khodanbakhsh, Seyyed H and Nakano, Eiji},
  booktitle={Intelligent Robots and Systems, 2000.(IROS 2000). Proceedings. 2000 IEEE/RSJ International Conference on},
  volume={3},
  pages={2261--2267},
  year={2000},
  organization={IEEE}
}
@inproceedings{berenji1999cooperation,
  title={Cooperation and coordination between fuzzy reinforcement learning agents in continuous state partially observable markov decision processes},
  author={Berenji, Hamid R and Vengerov, David},
  booktitle={Fuzzy Systems Conference Proceedings, 1999. FUZZ-IEEE'99. 1999 IEEE International},
  volume={2},
  pages={621--627},
  year={1999},
  organization={IEEE}
}
@inproceedings{berenji2000advantages,
  title={Advantages of cooperation between reinforcement learning agents in difficult stochastic problems},
  author={Berenji, Hamid R and Vengerov, David},
  booktitle={Fuzzy Systems, 2000. FUZZ IEEE 2000. The Ninth IEEE International Conference on},
  volume={2},
  pages={871--876},
  year={2000},
  organization={IEEE}
}
@article{carver1994evolution,
  title={Evolution of blackboard control architectures},
  author={Carver, Norman and Lesser, Victor},
  journal={Expert systems with applications},
  volume={7},
  number={1},
  pages={1--30},
  year={1994},
  publisher={Elsevier}
}
@inproceedings{garland1996multiagent,
  title={Multiagent learning through collective memory},
  author={Garland, Andrew and Alterman, Richard},
  booktitle={Adaptation, Coevolution and Learning in Multiagent Systems: Papers from the 1996 AAAI Spring Symposium},
  pages={33--38},
  year={1996}
}
@article{mcmanus1996design,
  title={Design and analysis techniques for concurrent blackboard systems},
  author={McManus, John William and Bynum, William L},
  journal={IEEE Transactions on Systems, Man, and Cybernetics-Part A: Systems and Humans},
  volume={26},
  number={6},
  pages={669--680},
  year={1996},
  publisher={IEEE}
}
@article{mitchell1997machine,
  title={Machine learning. 1997},
  author={Mitchell, Tom M},
  journal={Burr Ridge, IL: McGraw Hill},
  volume={45},
  pages={37},
  year={1997}
}
@incollection{nunes2003cooperative,
  title={Cooperative learning using advice exchange},
  author={Nunes, Lu{\'\i}s and Oliveira, Eug{\'e}nio},
  booktitle={Adaptive agents and multi-agent systems},
  pages={33--48},
  year={2003},
  publisher={Springer}
}
@article{panait2005cooperative,
  title={Cooperative multi-agent learning: The state of the art},
  author={Panait, Liviu and Luke, Sean},
  journal={Autonomous agents and multi-agent systems},
  volume={11},
  number={3},
  pages={387--434},
  year={2005},
  publisher={Kluwer Academic Publishers}
}
@inproceedings{tan1993multi,
  title={Multi-agent reinforcement learning: Independent vs. cooperative agents},
  author={Tan, Ming},
  booktitle={Proceedings of the tenth international conference on machine learning},
  pages={330--337},
  year={1993}
}
@article{trevarthen2004learning,
  title={Learning about Ourselves, from Children: Why A Growing Human Brain Needs Interesting Companions?},
  author={Trevarthen, Colwyn},
  journal={Annual Report-Hokkaido University Research and Clinical Center for Child Development},
  pages={9--44},
  year={2004},
  publisher={HOKKAIDO UNIVERSITY}
}
@inproceedings{whitehead1991complexity,
  title={A Complexity Analysis of Cooperative Mechanisms in Reinforcement Learning.},
  author={Whitehead, Steven D},
  booktitle={AAAI},
  pages={607--613},
  year={1991}
}
@book{whitehead1991study,
  title={A study of cooperative mechanisms for faster reinforcement learning},
  author={Whitehead, Steven D and Ballard, Dana H},
  year={1991},
  publisher={University of Rochester, Department of Computer Science Rochester, NY}
}
@book{olson2015introduction,
  title={An introduction to theories of learning},
  author={Olson, Matthew H},
  year={2015},
  publisher={Psychology Press}
}
@article{pakizeh2013multi,
  title={Multi-criteria expertness based cooperative Q-learning},
  author={Pakizeh, Esmat and Palhang, Maziar and Pedram, Mir Mohsen},
  journal={Applied intelligence},
  volume={39},
  number={1},
  pages={28--40},
  year={2013},
  publisher={Springer}
}
@mastersthesis{mohammad2015speedup,
  author= {Mohammad ali mirzaei badizi},
  title= {Speed-up cooperative learning in multi-agent systems using shortest experimented path},
  school={Department of Electrical and Computer Engineering, Isfahan University of Technology},
  year=2015,
  address={Isfahan University of Technology, Isfahan 84156-83111, Iran},
  month=3
}
@book{torra2014non,
  title={Non-Additive Measures},
  author={Torra, Vicenc and Narukawa, Yasuo and Sugeno, Michio},
  year={2014},
  publisher={Springer}
}