@misc{wiki:moltirotor,
   author="Wikipedia",
   title="Multirotor --- Wikipedia{,} The Free Encyclopedia",
   year="2016",
   howpublished="\url{https://en.wikipedia.org/wiki/Multirotor}",
   note="[Online; accessed 6-September-2016]"
}
@misc{site:smallest_quad,
   author="Aerix Drones",
   title={{AERIUS -- The NEW World's Smallest Quadcopter}},
   year="2016",
   howpublished="\url{https://aerixdrones.com/products/aerius-the-new-worlds-smallest-quadcopter}",
   note="[Online; accessed 23-September-2016]"
}
@misc{site:human_quad,
   author="EHANG",
   title={{EHANG184 -- world's first Autonomous Aerial Vehicle}},
   year="2016",
   howpublished="\url{https://www.youtube.com/watch?v=IrPejpbz8RI}",
   note="[Online; accessed 23-September-2016]"
}