@misc{ExpertWi84:online,
author = {},
title = {Expert - Wikipedia},
howpublished = {\url{https://en.wikipedia.org/wiki/Expert}},
month = {},
year = {},
note = {(Accessed on 11/12/2016)}
}
@misc{Partitio79:online,
author = {},
title = {Partition of a set - Wikipedia},
howpublished = {\url{https://en.wikipedia.org/wiki/Partition_of_a_set}},
month = {},
year = {},
note = {(Accessed on 11/12/2016)}
}
@inbook{schechter1996handbook,
  title={Handbook of Analysis and its Foundations},
  author={Schechter, Eric},
  year={1996},
  pages={16},
  chapter={1},
  publisher={Academic Press}
}
@inproceedings{ahmadabadi2000expertness,
  title={Expertness measuring in cooperative learning},
  author={Ahmadabadi, Majid Nili and Asadpur, Masoud and Khodanbakhsh, Seyyed H and Nakano, Eiji},
  booktitle={Intelligent Robots and Systems, 2000.(IROS 2000). Proceedings. 2000 IEEE/RSJ International Conference on},
  volume={3},
  pages={2261--2267},
  year={2000},
  organization={IEEE}
}
@article{pakizeh2013multi,
  title={Multi-criteria expertness based cooperative Q-learning},
  author={Pakizeh, Esmat and Palhang, Maziar and Pedram, Mir Mohsen},
  journal={Applied intelligence},
  volume={39},
  number={1},
  pages={28--40},
  year={2013},
  publisher={Springer}
}
@mastersthesis{mohammad2015speedup,
  author= {Mohammad ali mirzaei badizi},
  title= {Speed-up cooperative learning in multi-agent systems using shortest experimented path},
  school={Department of Electrical and Computer Engineering, Isfahan University of Technology},
  year={2015},
  address={Isfahan University of Technology, Isfahan 84156-83111, Iran},
  month={3}
}
@book{sutton1998reinforcement,
  title={Reinforcement learning: An introduction},
  author={Sutton, Richard S and Barto, Andrew G},
  volume={1},
  number={1},
  year={1998},
  publisher={MIT press Cambridge}
}