@misc{nesta:drobes,
	title = {{Drones: a history of flying robots}},
	howpublished = "\url{http://www.nesta.org.uk/drones-history-flying-robots}",
	note = "[Online; accessed 4-September-2016]"
}
@misc{wiki:quadcopter,
	author = "Wikipedia",
	title = "Quadcopter --- Wikipedia{,} The Free Encyclopedia",
	year = "2016",
	howpublished = "\url{https://en.wikipedia.org/wiki/Quadcopter}",
	note = "[Online; accessed 4-September-2016]"
}
 @misc{wiki:hist_uav,
	author = "Wikipedia",
	title = "History of unmanned aerial vehicles --- Wikipedia{,} The Free Encyclopedia",
	year = "2016",
	howpublished = "\url{https://en.wikipedia.org/wiki/History_of_unmanned_aerial_vehicles}s",
	note = "[Online; accessed 4-September-2016]"
}
@misc{nasa:hist,
	author = "NASA",
	title = "Histroy of Flights",
	howpublished = "\url{https://www.grc.nasa.gov/www/k-12/UEET/StudentSite/historyofflight.html}",
	note = "[Online; accessed 4-September-2016]"
}
