@mastersthesis{mohammad2015speedup,
  author= {Mohammad ali mirzaei badizi},
  title= {Speed-up cooperative learning in multi-agent systems using shortest experimented path},
  school={Department of Electrical and Computer Engineering, Isfahan University of Technology},
  year={2016},
  address={Isfahan University of Technology, Isfahan 84156-83111, Iran},
  month={3}
}
@mastersthesis{thesis:pakizeh2013multi,
  author={Esmat Pakizeh Hajyyar},
  title={Multi-Criteria Expertness based Cooperative Learning in Multi-Agent Systems},
  school={Department of Electrical and Computer Engineering, Isfahan University of Technology},
  year={2010},
  address={Isfahan University of Technology, Isfahan 84156-83111, Iran},
  month={10}
}
@inbook{torra2014non,
  title={Non-Additive Measures},
  author={Torra, Vicenc and Narukawa, Yasuo and Sugeno, Michio},
  year={2014},
  pages={3-7},
  publisher={Springer}
}
@inbook{poole2010artificial,
  title={Artificial Intelligence: foundations of computational agents},
  author={Poole, David L and Mackworth, Alan K},
  year={2010},
  publisher={Cambridge University Press},
  chapter={11}
}
@article{panait2005cooperative,
  title={Cooperative multi-agent learning: The state of the art},
  author={Panait, Liviu and Luke, Sean},
  journal={Autonomous agents and multi-agent systems},
  volume={11},
  number={3},
  pages={387--434},
  year={2005},
  publisher={Kluwer Academic Publishers}
}